<collection xmlns="http://www.loc.gov/MARC21/slim">
<record>
  <leader>01491nam0a2200277 i 450 </leader>
  <controlfield tag="001">IT\ICCU\CNCE\078124</controlfield>
  <controlfield tag="005">20130708000000.0</controlfield>
  <datafield tag="012" ind1=" " ind2=" ">
    <subfield code="a">rai- 3.za n-io e.o. (C) 1552 (Q)</subfield>
    <subfield code="2">fei</subfield>
  </datafield>
  <datafield tag="100" ind1=" " ind2=" ">
    <subfield code="a">20130626f1552        0itac0103    ba</subfield>
  </datafield>
  <datafield tag="101" ind1=" " ind2=" ">
    <subfield code="a">ITA</subfield>
  </datafield>
  <datafield tag="102" ind1=" " ind2=" ">
    <subfield code="a">IT</subfield>
  </datafield>
  <datafield tag="200" ind1="1" ind2=" ">
    <subfield code="a">Pronostico de Annibale Raimondo veronese sopra la dispositione de lanno \!! 1553</subfield>
  </datafield>
  <datafield tag="210" ind1=" " ind2=" ">
    <subfield code="d">\1552?!</subfield>
    <subfield code="e">\Venezia</subfield>
    <subfield code="g">Giovita Rapirio!</subfield>
  </datafield>
  <datafield tag="215" ind1=" " ind2=" ">
    <subfield code="a">\8! c.</subfield>
    <subfield code="d">4ʻ</subfield>
  </datafield>
  <datafield tag="300" ind1=" " ind2=" ">
    <subfield code="a">Precede il titolo: Al serenissimo principe et allo illmo et eccellentiss. Maggior Consiglio di Venetia. - Anno di pubblicazione desunto dal contenuto e da L. Cantamessa, Astrologia: opere a stampa (1472-1900), Firenze 2007, v. 2, p. 823, n. 3697</subfield>
  </datafield>
  <datafield tag="620" ind1=" " ind2=" ">
    <subfield code="a">IT</subfield>
    <subfield code="d">Venezia</subfield>
  </datafield>
  <datafield tag="700" ind1=" " ind2="1">
    <subfield code="a">Raimondo,</subfield>
    <subfield code="b">Annibale</subfield>
    <subfield code="3">IT\ICCU\CNCA\009360</subfield>
  </datafield>
  <datafield tag="712" ind1="0" ind2="0">
    <subfield code="a">Rapirio, Giovita</subfield>
    <subfield code="3">IT\ICCU\CNCT\001085</subfield>
    <subfield code="4">650</subfield>
  </datafield>
  <datafield tag="790" ind1=" " ind2="1">
    <subfield code="a">Raimondi,</subfield>
    <subfield code="b">Annibale</subfield>
    <subfield code="3">IT\ICCU\CNCA\017329</subfield>
    <subfield code="z">Raimondo, Annibale</subfield>
  </datafield>
  <datafield tag="791" ind1="0" ind2="0">
    <subfield code="a">Rapario, Giovita</subfield>
    <subfield code="3">IT\ICCU\CNCT\002298</subfield>
    <subfield code="z">Rapirio, Giovita</subfield>
  </datafield>
  <datafield tag="791" ind1="0" ind2="0">
    <subfield code="a">Rapicio, Giovita</subfield>
    <subfield code="3">IT\ICCU\CNCT\004066</subfield>
    <subfield code="z">Rapirio, Giovita</subfield>
  </datafield>
  <datafield tag="791" ind1="0" ind2="0">
    <subfield code="a">Ravizza, Giovita</subfield>
    <subfield code="3">IT\ICCU\CNCT\006387</subfield>
    <subfield code="z">Rapirio, Giovita</subfield>
  </datafield>
  <datafield tag="801" ind1=" " ind2="3">
    <subfield code="a">IT</subfield>
    <subfield code="b">ICCU</subfield>
    <subfield code="c">20201115</subfield>
  </datafield>
  <datafield tag="899" ind1=" " ind2=" ">
    <subfield code="a">Biblioteca nazionale Marciana. Venezia</subfield>
    <subfield code="1">VE0049</subfield>
    <subfield code="2">VEA BM</subfield>
  </datafield>
  <datafield tag="911" ind1=" " ind2=" ">
    <subfield code="a">In fine</subfield>
    <subfield code="9">IT\ICCU\CNCM\002389</subfield>
  </datafield>
  <datafield tag="921" ind1=" " ind2=" ">
    <subfield code="a">IT\ICCU\CNCM\002389</subfield>
    <subfield code="b">Prudenza (donna che si riflette in uno specchio) sullo sfondo di un paesaggio.</subfield>
    <subfield code="e">Prudentia negotium non fortuna ducat.</subfield>
    <subfield code="c">U919</subfield>
    <subfield code="d">Dimensioni: 6,1 x 7,8</subfield>
    <subfield code="f">PRUDENZA</subfield>
    <subfield code="f">DONNA</subfield>
    <subfield code="f">SPECCHIO</subfield>
    <subfield code="f">PRUDENTIAN</subfield>
    <subfield code="g">[1552?]</subfield>
  </datafield>
</record>
</collection>
